@article{anderson1972recognition,
  title     = {Recognition and retrieval processes in free recall.},
  author    = {Anderson, John R and Bower, Gordon H},
  journal   = {Psychological review},
  volume    = {79},
  number    = {2},
  pages     = {97},
  year      = {1972},
  publisher = {American Psychological Association}
}
@article{brown2008simplest,
  title     = {The simplest complete model of choice response time: Linear ballistic accumulation},
  author    = {Brown, Scott D and Heathcote, Andrew},
  journal   = {Cognitive psychology},
  volume    = {57},
  number    = {3},
  pages     = {153--178},
  year      = {2008},
  publisher = {Elsevier}
}
@article{siegel2014retrieved,
  title={A retrieved context account of spacing and repetition effects in free recall.},
  author={Siegel, Lynn L and Kahana, Michael J},
  journal={Journal of Experimental Psychology: Learning, Memory, and Cognition},
  volume={40},
  number={3},
  pages={755},
  year={2014},
  publisher={American Psychological Association}
}
@article{hong2024modulation,
  title={The modulation and elimination of temporal organization in free recall.},
  author={Hong, Min Kyung and Gunn, Jordan B and Fazio, Lisa K and Polyn, Sean M},
  journal={Journal of Experimental Psychology: Learning, Memory, and Cognition},
  volume={50},
  number={7},
  pages={1035},
  year={2024},
  publisher={American Psychological Association}
}
@article{healey2024peppr,
  title={PEPPR: A post-encoding pre-production reinstatement model of dual-list free recall},
  author={Healey, M Karl and Wahlheim, Christopher N},
  journal={Memory \& Cognition},
  volume={52},
  number={1},
  pages={163--181},
  year={2024},
  publisher={Springer}
}
@article{logan2001executive,
  title={Executive control of visual attention in dual-task situations.},
  author={Logan, Gordon D and Gordon, Robert D},
  journal={Psychological review},
  volume={108},
  number={2},
  pages={393},
  year={2001},
  publisher={American Psychological Association}
}
@article{horwath2023value,
  title={Value restructures the organization of free recall},
  author={Horwath, Elizabeth A and Rouhani, Nina and DuBrow, Sarah and Murty, Vishnu P},
  journal={Cognition},
  volume={231},
  pages={105315},
  year={2023},
  publisher={Elsevier}
}
@article{estes1955statistical,
  title     = {Statistical theory of spontaneous recovery and regression.},
  author    = {Estes, William K},
  journal   = {Psychological review},
  volume    = {62},
  number    = {3},
  pages     = {145},
  year      = {1955},
  publisher = {American Psychological Association}
}
@article{zhang2023optimal,
  title={Optimal policies for free recall.},
  author={Zhang, Qiong and Griffiths, Thomas L and Norman, Kenneth A},
  journal={Psychological Review},
  volume={130},
  number={4},
  pages={1104},
  year={2023},
  publisher={American Psychological Association}
}
@article{friendly1982toronto, 
  title     = {The Toronto Word Pool: Norms for imagery, concreteness, orthographic variables, and grammatical usage for 1,080 words},
  author    = {Friendly, Michael and Franklin, Patricia E and Hoffman, David and Rubin, David C},
  journal   = {Behavior Research Methods \& Instrumentation},
  volume    = {14},
  number    = {4},
  pages     = {375--399},
  year      = {1982},
  publisher = {Springer}
}

@article{healey2014memory,
  title     = {Is memory search governed by universal principles or idiosyncratic strategies?},
  author    = {Healey, M Karl and Kahana, Michael J},
  journal   = {Journal of Experimental Psychology: General},
  volume    = {143},
  number    = {2},
  pages     = {575},
  year      = {2014},
  publisher = {American Psychological Association}
}

@article{healey2016four,
  title={A four-component model of age-related memory change.},
  author={Healey, M Karl and Kahana, Michael J},
  journal={Psychological review},
  volume={123},
  number={1},
  pages={23},
  year={2016},
  publisher={American Psychological Association}
}

@article{howard1999context,
  title     = {Contextual variability and serial position effects in free recall.},
  author    = {Howard, Marc W and Kahana, Michael J},
  journal   = {Journal of Experimental Psychology: Learning, Memory, and Cognition},
  volume    = {25},
  number    = {4},
  pages     = {923},
  year      = {1999},
  publisher = {American Psychological Association}
}

@article{kahana1996associative,
  title     = {Associative retrieval processes in free recall},
  author    = {Kahana, Michael J},
  journal   = {Memory \& cognition},
  volume    = {24},
  number    = {1},
  pages     = {103--109},
  year      = {1996},
  publisher = {Springer}
}

@article{kahana2020computational,
  title     = {Computational models of memory search},
  author    = {Kahana, Michael J},
  journal   = {Annual Review of Psychology},
  volume    = {71},
  number    = {1},
  pages     = {107--138},
  year      = {2020},
  publisher = {Annual Reviews}
}



@article{kragel2015neural,
  title     = {Neural activity in the medial temporal lobe reveals the fidelity of mental time travel},
  author    = {Kragel, James E and Morton, Neal W and Polyn, Sean M},
  journal   = {Journal of Neuroscience},
  volume    = {35},
  number    = {7},
  pages     = {2914--2926},
  year      = {2015},
  publisher = {Soc Neuroscience}
}

@article{logan1988toward,
  title     = {Toward an instance theory of automatization.},
  author    = {Logan, Gordon D},
  journal   = {Psychological review},
  volume    = {95},
  number    = {4},
  pages     = {492},
  year      = {1988},
  publisher = {American Psychological Association}
}

@article{logan2018automatic,
  title     = {Automatic control: How experts act without thinking.},
  author    = {Logan, Gordon D},
  journal   = {Psychological Review},
  volume    = {125},
  number    = {4},
  pages     = {453},
  year      = {2018},
  publisher = {American Psychological Association}
}

@article{logan2021serial,
  title     = {Serial order in perception, memory, and action.},
  author    = {Logan, Gordon D},
  journal   = {Psychological Review},
  volume    = {128},
  number    = {1},
  pages     = {1},
  year      = {2021},
  publisher = {American Psychological Association}
}

@article{logan2021bserial,
  title     = {Serial memory: Putting chains and position codes in context.},
  author    = {Logan, Gordon D and Cox, Gregory E},
  journal   = {Psychological Review},
  volume    = {128},
  number    = {6},
  pages     = {1197},
  year      = {2021},
  publisher = {American Psychological Association}
}

@article{logan2023serial,
  title     = {Serial order depends on item-dependent and item-independent contexts.},
  author    = {Logan, Gordon D and Cox, Gregory E},
  journal   = {Psychological Review},
  year      = {2023},
  publisher = {American Psychological Association}
}

@article{lohnas2015expanding,
  title     = {Expanding the scope of memory search: Modeling intralist and interlist effects in free recall.},
  author    = {Lohnas, Lynn J and Polyn, Sean M and Kahana, Michael J},
  journal   = {Psychological review},
  volume    = {122},
  number    = {2},
  pages     = {337},
  year      = {2015},
  publisher = {American Psychological Association}
}


@article{lohnas2024retrieved,
  title     = {A retrieved context model of serial recall and free recall},
  author    = {Lohnas, Lynn J},
  journal   = {Computational Brain \& Behavior},
  pages     = {1--35},
  year      = {2024},
  publisher = {Springer}
}


@book{luce1959individual,
  title     = {Individual choice behavior},
  author    = {Luce, R Duncan},
  volume    = {4},
  year      = {1959},
  publisher = {Wiley New York}
}

@article{melton1972coding,
  title     = {Coding processes in human memory.},
  author    = {Melton, Arthur W and Martin, Edwin},
  year      = {1972},
  publisher = {VH Winston \& Sons}
}

@incollection{polyn2023assessing,
  title={Assessing neurocognitive hypotheses in a likelihood-based model of the free-recall task},
  author={Polyn, Sean M},
  booktitle={An Introduction to Model-Based Cognitive Neuroscience},
  pages={303--325},
  year={2023},
  publisher={Springer}
}

@article{tillman2020sequential,
  title={Sequential sampling models without random between-trial variability: The racing diffusion model of speeded decision making},
  author={Tillman, Gabriel and Van Zandt, Trish and Logan, Gordon D},
  journal={Psychonomic Bulletin \& Review},
  volume={27},
  number={5},
  pages={911--936},
  year={2020},
  publisher={Springer}
}

@book{anderson1995introduction,
  title     = {An introduction to neural networks},
  author    = {Anderson, James A},
  year      = {1995},
  publisher = {MIT press}
}

@article{kahana2002associative,
  title={Associative asymmetry in probed recall of serial lists},
  author={Kahana, Michael J and Caplan, Jeremy B},
  journal={Memory \& Cognition},
  volume={30},
  number={6},
  pages={841--849},
  year={2002},
  publisher={Springer}
}
@article{li1993intralist,
  title={Intralist distractors and recall direction: Constraints on models of memory for serial order.},
  author={Li, Shu-Chen and Lewandowsky, Stephan},
  journal={Journal of Experimental Psychology: Learning, Memory, and Cognition},
  volume={19},
  number={4},
  pages={895},
  year={1993},
  publisher={American Psychological Association}
}

@article{howard2002distributed,
  title={A distributed representation of temporal context},
  author={Howard, Marc W and Kahana, Michael J},
  journal={Journal of mathematical psychology},
  volume={46},
  number={3},
  pages={269--299},
  year={2002},
  publisher={Elsevier}
}

@article{miller2012recall,
  title={Recall termination in free recall},
  author={Miller, Jonathan F and Weidemann, Christoph T and Kahana, Michael J},
  journal={Memory \& cognition},
  volume={40},
  pages={540--550},
  year={2012},
  publisher={Springer}
}

@article{dougherty2007motivated,
  title={Motivated to retrieve: How often are you willing to go back to the well when the well is dry?},
  author={Dougherty, Michael R and Harbison, J},
  journal={Journal of Experimental Psychology: Learning, Memory, and Cognition},
  volume={33},
  number={6},
  pages={1108},
  year={2007},
  publisher={American Psychological Association}
}

@article{unsworth2011factors,
  title={Factors that influence search termination decisions in free recall: An examination of response type and confidence},
  author={Unsworth, Nash and Brewer, Gene A and Spillers, Gregory J},
  journal={Acta psychologica},
  volume={138},
  number={1},
  pages={19--29},
  year={2011},
  publisher={Elsevier}
}

@article{morton2016predictive,
  title     = {A predictive framework for evaluating models of semantic organization in free recall},
  author    = {Morton, Neal W and Polyn, Sean M},
  journal   = {Journal of memory and language},
  volume    = {86},
  pages     = {119--140},
  year      = {2016},
  publisher = {Elsevier}
}

@article{murdock1962serial,
  title     = {The serial position effect of free recall.},
  author    = {Murdock, Bennet B},
  journal   = {Journal of experimental psychology},
  volume    = {64},
  number    = {5},
  pages     = {482},
  year      = {1962},
  publisher = {American Psychological Association}
}

@article{osth2019using,
  title     = {Using response time distributions and race models to characterize primacy and recency effects in free recall initiation.},
  author    = {Osth, Adam F and Farrell, Simon},
  journal   = {Psychological review},
  volume    = {126},
  number    = {4},
  pages     = {578},
  year      = {2019},
  publisher = {American Psychological Association}
}

@article{osth2023item,
  title     = {Do item-dependent context representations underlie serial order in cognition? Commentary on Logan (2021).},
  author    = {Osth, Adam F and Hurlstone, Mark J},
  year      = {2023},
  publisher = {American Psychological Association}
}

@article{polyn2009context,
  title     = {A context maintenance and retrieval model of organizational processes in free recall.},
  author    = {Polyn, Sean M and Norman, Kenneth A and Kahana, Michael J},
  journal   = {Psychological review},
  volume    = {116},
  number    = {1},
  pages     = {129},
  year      = {2009},
  publisher = {American Psychological Association}
}

@article{wagenmakers2004aic,
  title={AIC model selection using Akaike weights},
  author={Wagenmakers, Eric-Jan and Farrell, Simon},
  journal={Psychonomic bulletin \& review},
  volume={11},
  pages={192--196},
  year={2004},
  publisher={Springer}
}

@article{sederberg2008context,
  title     = {A context-based theory of recency and contiguity in free recall.},
  author    = {Sederberg, Per B and Howard, Marc W and Kahana, Michael J},
  journal   = {Psychological review},
  volume    = {115},
  number    = {4},
  pages     = {893},
  year      = {2008},
  publisher = {American Psychological Association}
}

@article{sederberg2011human,
  title={Human memory reconsolidation can be explained using the temporal context model},
  author={Sederberg, Per B and Gershman, Samuel J and Polyn, Sean M and Norman, Kenneth A},
  journal={Psychonomic bulletin \& review},
  volume={18},
  pages={455--468},
  year={2011},
  publisher={Springer}
}

@article{storn1997differential,
  title     = {Differential evolution--a simple and efficient heuristic for global optimization over continuous spaces},
  author    = {Storn, Rainer and Price, Kenneth},
  journal   = {Journal of global optimization},
  volume    = {11},
  number    = {4},
  pages     = {341--359},
  year      = {1997},
  publisher = {Springer}
}
@article{tulving1970memory,
  title   = {Memory and Verbal Learning},
  author  = {Tulving, E. and Madigan, S. A.},
  journal = {Annual Review of Psychology},
  volume  = {21},
  pages   = {437--484},
  year    = {1970}
}
@article{turner2019toward,
  title     = {Toward a common representational framework for adaptation.},
  author    = {Turner, Brandon M},
  journal   = {Psychological review},
  volume    = {126},
  number    = {5},
  pages     = {660},
  year      = {2019},
  publisher = {American Psychological Association}
}
