@article{albrecht1995role,
  title     = {Role of context in accessing distant information during reading.},
  author    = {Albrecht, Jason E and Myers, Jerome L},
  journal   = {Journal of Experimental Psychology: Learning, Memory, and Cognition},
  volume    = {21},
  number    = {6},
  pages     = {1459},
  year      = {1995},
  publisher = {American Psychological Association}
}

@article{anderson1972recognition,
  title     = {Recognition and retrieval processes in free recall.},
  author    = {Anderson, John R and Bower, Gordon H},
  journal   = {Psychological review},
  volume    = {79},
  number    = {2},
  pages     = {97},
  year      = {1972},
  publisher = {American Psychological Association}
}


@article{anderson1973human,
  title     = {Human Associative Memory.},
  author    = {Anderson, John R and Bower, Gordon H},
  year      = {1973},
  publisher = {ERIC}
}

@article{anderson1974propositional,
  title     = {A propositional theory of recognition memory},
  author    = {Anderson, John R and Bower, Gordon H},
  journal   = {Memory \& Cognition},
  volume    = {2},
  number    = {3},
  pages     = {406--412},
  year      = {1974},
  publisher = {Springer}
}

@article{anderson1974retrieval,
  title     = {Retrieval of propositional information from long-term memory},
  author    = {Anderson, John Robert},
  journal   = {Cognitive psychology},
  volume    = {6},
  number    = {4},
  pages     = {451--474},
  year      = {1974},
  publisher = {Elsevier}
}

@book{anderson1995introduction,
  title     = {An introduction to neural networks},
  author    = {Anderson, James A},
  year      = {1995},
  publisher = {MIT press}
}


@article{andrews2019bayesian,
  title     = {A Bayesian Account of Memory for Text},
  author    = {Andrews, Mark},
  year      = {2019},
  publisher = {PsyArXiv}
}

@article{baddeley1966influence,
  title     = {The influence of acoustic and semantic similarity on long-term memory for word sequences},
  author    = {Baddeley, Alan David},
  journal   = {The Quarterly journal of experimental psychology},
  volume    = {18},
  number    = {4},
  pages     = {302--309},
  year      = {1966},
  publisher = {Taylor \& Francis}
}



@article{baggett1979structurally,
  title     = {Structurally equivalent stories in movie and text and the effect of the medium on recall},
  author    = {Baggett, Patricia},
  journal   = {Journal of Verbal Learning and Verbal Behavior},
  volume    = {18},
  number    = {3},
  pages     = {333--356},
  year      = {1979},
  publisher = {Elsevier}
}

@article{baldassano2017discovering,
  title     = {Discovering event structure in continuous narrative perception and memory},
  author    = {Baldassano, Christopher and Chen, Janice and Zadbood, Asieh and Pillow, Jonathan W and Hasson, Uri and Norman, Kenneth A},
  journal   = {Neuron},
  volume    = {95},
  number    = {3},
  pages     = {709--721},
  year      = {2017},
  publisher = {Elsevier}
}

@article{bartlett1932remembering,
  title     = {Remembering: A study in experimental and social psychology},
  author    = {Bartlett, Frederic Charles},
  year      = {1932},
  publisher = {Cambridge University Press}
}

@article{benjamin2010makes,
  title     = {What makes distributed practice effective?},
  author    = {Benjamin, Aaron S and Tullis, Jonathan},
  journal   = {Cognitive psychology},
  volume    = {61},
  number    = {3},
  pages     = {228--247},
  year      = {2010},
  publisher = {Elsevier}
}

@inproceedings{bhardwaj2019carb,
  title     = {CaRB: A crowdsourced benchmark for open IE},
  author    = {Bhardwaj, Sangnie and Aggarwal, Samarth and Mausam, Mausam},
  booktitle = {Proceedings of the 2019 Conference on Empirical Methods in Natural Language Processing and the 9th International Joint Conference on Natural Language Processing (EMNLP-IJCNLP)},
  pages     = {6262--6267},
  year      = {2019}
}


@article{black1980story,
  title     = {Story understanding as problem-solving},
  author    = {Black, John B and Bower, Gordon H},
  journal   = {Poetics},
  volume    = {9},
  number    = {1-3},
  pages     = {223--250},
  year      = {1980},
  publisher = {Elsevier}
}

@article{bogaerds2021meta,
  title     = {A meta-analysis on the effects of text structure instruction on reading comprehension in the upper elementary grades},
  author    = {Bogaerds-Hazenberg, Suzanne TM and Evers-Vermeul, Jacqueline and van den Bergh, Huub},
  journal   = {Reading Research Quarterly},
  volume    = {56},
  number    = {3},
  pages     = {435--462},
  year      = {2021},
  publisher = {Wiley Online Library}
}


@article{borges1972effect,
  title     = {Effect of within-category spacing on free recall.},
  author    = {Borges, Marilyn A and Mangler, George},
  journal   = {Journal of Experimental Psychology},
  volume    = {92},
  number    = {2},
  pages     = {207},
  year      = {1972},
  publisher = {American Psychological Association}
}

@article{bousfield1953occurrence,
  title     = {The occurrence of clustering in the recall of randomly arranged associates},
  author    = {Bousfield, Weston A},
  journal   = {The Journal of General Psychology},
  volume    = {49},
  number    = {2},
  pages     = {229--240},
  year      = {1953},
  publisher = {Taylor \& Francis}
}

@article{bower1972coding,
  title  = {Coding processes in human memory},
  author = {Bower, GH and Melton, AW and Martin, E},
  year   = {1972}
}

@article{bower1976experiments,
  title     = {Experiments on story understanding and recall},
  author    = {Bower, Gordon H},
  journal   = {The Quarterly Journal of Experimental Psychology},
  volume    = {28},
  number    = {4},
  pages     = {511--534},
  year      = {1976},
  publisher = {Taylor \& Francis}
}


@article{bower2008evolution,
  title     = {The evolution of a cognitive psychologist: A journey from simple behaviors to complex mental acts},
  author    = {Bower, Gordon H},
  journal   = {Annu. Rev. Psychol.},
  volume    = {59},
  pages     = {1--27},
  year      = {2008},
  publisher = {Annual Reviews}
}


@article{bowman2015large,
  title   = {A large annotated corpus for learning natural language inference},
  author  = {Bowman, Samuel R and Angeli, Gabor and Potts, Christopher and Manning, Christopher D},
  journal = {arXiv preprint arXiv:1508.05326},
  year    = {2015}
}

@article{broitman2024neural,
  title   = {Neural Context Reinstatement of Recurring Events},
  author  = {Broitman, Adam W and Kahana, Michael J},
  journal = {bioRxiv},
  year    = {2024}
}

@article{brown2000oscillator,
  title     = {Oscillator-based memory for serial order.},
  author    = {Brown, Gordon DA and Preece, Tim and Hulme, Charles},
  journal   = {Psychological review},
  volume    = {107},
  number    = {1},
  pages     = {127},
  year      = {2000},
  publisher = {American Psychological Association}
}

@article{brown2008simplest,
  title     = {The simplest complete model of choice response time: Linear ballistic accumulation},
  author    = {Brown, Scott D and Heathcote, Andrew},
  journal   = {Cognitive psychology},
  volume    = {57},
  number    = {3},
  pages     = {153--178},
  year      = {2008},
  publisher = {Elsevier}
}

@article{buschke1979memory,
  title     = {Memory units, ideas, and propositions in semantic remembering},
  author    = {Buschke, Herman and Schaier, Aron H},
  journal   = {Journal of Verbal Learning and Verbal Behavior},
  volume    = {18},
  number    = {5},
  pages     = {549--563},
  year      = {1979},
  publisher = {Elsevier}
}

@article{busemeyer2000model,
  title     = {Model comparisons and model selections based on generalization criterion methodology},
  author    = {Busemeyer, Jerome R and Wang, Yi-Min},
  journal   = {Journal of Mathematical Psychology},
  volume    = {44},
  number    = {1},
  pages     = {171--189},
  year      = {2000},
  publisher = {Elsevier}
}

@article{cepeda2006distributed,
  title     = {Distributed practice in verbal recall tasks: A review and quantitative synthesis.},
  author    = {Cepeda, Nicholas J and Pashler, Harold and Vul, Edward and Wixted, John T and Rohrer, Doug},
  journal   = {Psychological bulletin},
  volume    = {132},
  number    = {3},
  pages     = {354},
  year      = {2006},
  publisher = {American Psychological Association}
}

@article{chen2017shared,
  title     = {Shared memories reveal shared structure in neural activity across individuals},
  author    = {Chen, Janice and Leong, Yuan Chang and Honey, Christopher J and Yong, Chung H and Norman, Kenneth A and Hasson, Uri},
  journal   = {Nature neuroscience},
  volume    = {20},
  number    = {1},
  pages     = {115--125},
  year      = {2017},
  publisher = {Nature Publishing Group US New York}
}

@misc{chomsky1956syntactic,
  title     = {Syntactic structures},
  author    = {Chomsky, Noam},
  year      = {1956},
  publisher = {Mouton Publishers}
}

@article{chomsky1956three,
  title     = {Three models for the description of language},
  author    = {Chomsky, Noam},
  journal   = {IRE Transactions on information theory},
  volume    = {2},
  number    = {3},
  pages     = {113--124},
  year      = {1956},
  publisher = {IEEE}
}

@article{chomsky1965aspects,
  title  = {Aspects of the Theory of Syntax},
  author = {Chomsky, Noam},
  year   = {1965}
}

@article{coderre2018visual,
  title     = {Visual and linguistic narrative comprehension in autism spectrum disorders: Neural evidence for modality-independent impairments},
  author    = {Coderre, Emily L and Cohn, Neil and Slipher, Sally K and Chernenok, Mariya and Ledoux, Kerry and Gordon, Barry},
  journal   = {Brain and Language},
  volume    = {186},
  pages     = {44--59},
  year      = {2018},
  publisher = {Elsevier}
}

@article{cohn2020your,
  title     = {Your brain on comics: A cognitive model of visual narrative comprehension},
  author    = {Cohn, Neil},
  journal   = {Topics in cognitive science},
  volume    = {12},
  number    = {1},
  pages     = {352--386},
  year      = {2020},
  publisher = {Wiley Online Library}
}


@article{collins2020minerva,
  title     = {MINERVA-DE: An instance model of the deficient processing theory},
  author    = {Collins, Robert N and Milliken, Bruce and Jamieson, Randall K},
  journal   = {Journal of Memory and Language},
  volume    = {115},
  pages     = {104151},
  year      = {2020},
  publisher = {Elsevier}
}


@misc{commoncrawl,
  title        = {Common Crawl},
  author       = {{Common Crawl Foundation}},
  howpublished = {Web dataset},
  url          = {http://commoncrawl.org},
  year         = 2014
}

@article{cook1998readily,
  title     = {What is readily available during reading? A memory-based view of text processing},
  author    = {Cook, Anne E and Halleran, Jennifer G and O'Brien, Edward J},
  journal   = {Discourse processes},
  volume    = {26},
  number    = {2-3},
  pages     = {109--129},
  year      = {1998},
  publisher = {Taylor \& Francis}
}


@article{cook2001situation,
  title     = {Situation-based context and the availability of predictive inferences},
  author    = {Cook, Anne E and Limber, John E and O'Brien, Edward J},
  journal   = {Journal of Memory and Language},
  volume    = {44},
  number    = {2},
  pages     = {220--234},
  year      = {2001},
  publisher = {Elsevier}
}

@article{cooper2014implementations,
  title     = {Implementations are not specifications: Specification, replication and experimentation in computational cognitive modeling},
  author    = {Cooper, Richard P and Guest, Olivia},
  journal   = {Cognitive Systems Research},
  volume    = {27},
  pages     = {42--49},
  year      = {2014},
  publisher = {Elsevier}
}


@inproceedings{covington2009idea,
  title        = {Idea density—A potentially informative characteristic of retrieved documents},
  author       = {Covington, Michael A},
  booktitle    = {IEEE Southeastcon 2009},
  pages        = {201--203},
  year         = {2009},
  organization = {IEEE}
}


@article{cox2020similarity,
  title     = {Similarity leads to correlated processing: A dynamic model of encoding and recognition of episodic associations.},
  author    = {Cox, Gregory E and Criss, Amy H},
  journal   = {Psychological Review},
  volume    = {127},
  number    = {5},
  pages     = {792},
  year      = {2020},
  publisher = {American Psychological Association}
}

@article{crossley2016tool,
  title     = {The tool for the automatic analysis of text cohesion (TAACO): Automatic assessment of local, global, and text cohesion},
  author    = {Crossley, Scott A and Kyle, Kristopher and McNamara, Danielle S},
  journal   = {Behavior research methods},
  volume    = {48},
  pages     = {1227--1237},
  year      = {2016},
  publisher = {Springer}
}


@article{delaney2010spacing,
  title     = {Spacing and testing effects: A deeply critical, lengthy, and at times discursive review of the literature},
  author    = {Delaney, Peter F and Verkoeijen, Peter PJL and Spirgel, Arie},
  journal   = {Psychology of learning and motivation},
  volume    = {53},
  pages     = {63--147},
  year      = {2010},
  publisher = {Elsevier}
}

@article{delogu2018predictability,
  title     = {On the predictability of event boundaries in discourse: An ERP investigation},
  author    = {Delogu, Francesca and Drenhaus, Heiner and Crocker, Matthew W},
  journal   = {Memory \& cognition},
  volume    = {46},
  pages     = {315--325},
  year      = {2018},
  publisher = {Springer}
}

@article{diamond2020linking,
  title     = {Linking detail to temporal structure in naturalistic-event recall},
  author    = {Diamond, Nicholas B and Levine, Brian},
  journal   = {Psychological Science},
  volume    = {31},
  number    = {12},
  pages     = {1557--1572},
  year      = {2020},
  publisher = {Sage Publications Sage CA: Los Angeles, CA}
}


@article{dougherty2007motivated,
  title     = {Motivated to retrieve: How often are you willing to go back to the well when the well is dry?},
  author    = {Dougherty, Michael R and Harbison, J},
  journal   = {Journal of Experimental Psychology: Learning, Memory, and Cognition},
  volume    = {33},
  number    = {6},
  pages     = {1108},
  year      = {2007},
  publisher = {American Psychological Association}
}

@article{dubrow2016temporal,
  title     = {Temporal binding within and across events},
  author    = {DuBrow, Sarah and Davachi, Lila},
  journal   = {Neurobiology of learning and memory},
  volume    = {134},
  pages     = {107--114},
  year      = {2016},
  publisher = {Elsevier}
}

@article{dumais2004latent,
  title   = {Latent semantic analysis},
  author  = {Dumais, Susan T and others},
  journal = {Annu. Rev. Inf. Sci. Technol.},
  volume  = {38},
  number  = {1},
  pages   = {188--230},
  year    = {2004}
}

@article{ebbinghaus1885memory,
  title   = {Memory: A contribution to experimental psychology, trans},
  author  = {Ebbinghaus, Hermann},
  journal = {HA Ruger \& CE Bussenius. Teachers College.[rWvH]},
  year    = {1885}
}

@article{estes1955statistical,
  title     = {Statistical theory of spontaneous recovery and regression.},
  author    = {Estes, William K},
  journal   = {Psychological review},
  volume    = {62},
  number    = {3},
  pages     = {145},
  year      = {1955},
  publisher = {American Psychological Association}
}

@article{forster2000key,
  title     = {Key concepts in model selection: Performance and generalizability},
  author    = {Forster, Malcolm R},
  journal   = {Journal of mathematical psychology},
  volume    = {44},
  number    = {1},
  pages     = {205--231},
  year      = {2000},
  publisher = {Elsevier}
}
@article{franklin2020structured,
  title     = {Structured Event Memory: A neuro-symbolic model of event cognition.},
  author    = {Franklin, Nicholas T and Norman, Kenneth A and Ranganath, Charan and Zacks, Jeffrey M and Gershman, Samuel J},
  journal   = {Psychological Review},
  volume    = {127},
  number    = {3},
  pages     = {327},
  year      = {2020},
  publisher = {American Psychological Association}
}

@article{friendly1982toronto,
  title     = {The Toronto Word Pool: Norms for imagery, concreteness, orthographic variables, and grammatical usage for 1,080 words},
  author    = {Friendly, Michael and Franklin, Patricia E and Hoffman, David and Rubin, David C},
  journal   = {Behavior Research Methods \& Instrumentation},
  volume    = {14},
  number    = {4},
  pages     = {375--399},
  year      = {1982},
  publisher = {Springer}
}

@article{gao2023interpretability,
  title     = {Interpretability of machine learning: Recent advances and future prospects},
  author    = {Gao, Lei and Guan, Ling},
  journal   = {IEEE MultiMedia},
  volume    = {30},
  number    = {4},
  pages     = {105--118},
  year      = {2023},
  publisher = {IEEE}
}

@article{gernsbacher1990language,
  title     = {Language comprehension as structure building.},
  author    = {Gernsbacher, Morton Ann},
  year      = {1990},
  publisher = {Lawrence Erlbaum Associates, Inc}
}

@article{glanzer1969distance,
  title     = {Distance between related words in free recall: Trace of the STS},
  author    = {Glanzer, Murray},
  journal   = {Journal of Verbal Learning and Verbal Behavior},
  volume    = {8},
  number    = {1},
  pages     = {105--111},
  year      = {1969},
  publisher = {Elsevier}
}
@article{glenberg1979component,
  title     = {Component-levels theory of the effects of spacing of repetitions on recall and recognition},
  author    = {Glenberg, Arthur M},
  journal   = {Memory \& Cognition},
  volume    = {7},
  number    = {2},
  pages     = {95--112},
  year      = {1979},
  publisher = {Springer}
}

@article{glenn1978role,
  title     = {The role of episodic structure and of story length in children's recall of simple stories},
  author    = {Glenn, Christine G},
  journal   = {Journal of verbal learning and verbal Behavior},
  volume    = {17},
  number    = {2},
  pages     = {229--247},
  year      = {1978},
  publisher = {Elsevier}
}

@article{goetz1981representation,
  title     = {The representation of sentences in memory},
  author    = {Goetz, Ernest T and Anderson, Richard C and Schallert, Diane L},
  journal   = {Journal of verbal Learning and verbal Behavior},
  volume    = {20},
  number    = {4},
  pages     = {369--385},
  year      = {1981},
  publisher = {Elsevier}
}

@article{goldman2007computational,
  title     = {Why are computational models of text comprehension useful},
  author    = {Goldman, Susan R and Golden, R and van den Broek, Paul},
  journal   = {Higher-level language processes in the brain},
  pages     = {27--51},
  year      = {2007},
  publisher = {Erlbaum Mahwah, NJ}
}

@article{golomb2008effects,
  title     = {Effects of adult aging on utilization of temporal and semantic associations during free and serial recall},
  author    = {Golomb, Julie D and Peelle, Jonathan E and Addis, Kelly M and Kahana, Michael J and Wingfield, Arthur},
  journal   = {Memory \& Cognition},
  volume    = {36},
  number    = {5},
  pages     = {947--956},
  year      = {2008},
  publisher = {Springer}
}

@article{graesser1994constructing,
  title     = {Constructing inferences during narrative text comprehension.},
  author    = {Graesser, Arthur and Singer, Murray and Trabasso, Tom},
  journal   = {Psychological review},
  volume    = {101},
  number    = {3},
  pages     = {371},
  year      = {1994},
  publisher = {American Psychological Association}
}


@article{graesser2017understanding,
  title     = {Understanding texts},
  author    = {Graesser, Arthur and Tipping, Pam},
  journal   = {A companion to cognitive science},
  pages     = {324--330},
  year      = {2017},
  publisher = {Wiley Online Library}
}

@article{greene1989spacing,
  title     = {Spacing effects in memory: Evidence for a two-process account.},
  author    = {Greene, Robert L},
  journal   = {Journal of Experimental Psychology: Learning, Memory, and Cognition},
  volume    = {15},
  number    = {3},
  pages     = {371},
  year      = {1989},
  publisher = {American Psychological Association}
}


@article{griffiths2007topics,
  title     = {Topics in semantic representation.},
  author    = {Griffiths, Thomas L and Steyvers, Mark and Tenenbaum, Joshua B},
  journal   = {Psychological review},
  volume    = {114},
  number    = {2},
  pages     = {211},
  year      = {2007},
  publisher = {American Psychological Association}
}

@article{healey2014memory,
  title     = {Is memory search governed by universal principles or idiosyncratic strategies?},
  author    = {Healey, M Karl and Kahana, Michael J},
  journal   = {Journal of Experimental Psychology: General},
  volume    = {143},
  number    = {2},
  pages     = {575},
  year      = {2014},
  publisher = {American Psychological Association}
}

@article{healey2016four,
  title     = {A four-component model of age-related memory change.},
  author    = {Healey, M Karl and Kahana, Michael J},
  journal   = {Psychological review},
  volume    = {123},
  number    = {1},
  pages     = {23},
  year      = {2016},
  publisher = {American Psychological Association}
}

@article{healey2019contiguity,
  title     = {Contiguity in episodic memory},
  author    = {Healey, M Karl and Long, Nicole M and Kahana, Michael J},
  journal   = {Psychonomic bulletin \& review},
  volume    = {26},
  number    = {3},
  pages     = {699--720},
  year      = {2019},
  publisher = {Springer},
  note      = {Contemporary empirical view in support for RCT.}
}

@article{healey2024peppr,
  title     = {PEPPR: A post-encoding pre-production reinstatement model of dual-list free recall},
  author    = {Healey, M Karl and Wahlheim, Christopher N},
  journal   = {Memory \& Cognition},
  volume    = {52},
  number    = {1},
  pages     = {163--181},
  year      = {2024},
  publisher = {Springer}
}
@article{hebb1949organization,
  title   = {Organization of behavior. new york: Wiley},
  author  = {Hebb, Donald O},
  journal = {J. Clin. Psychol},
  volume  = {6},
  number  = {3},
  pages   = {335--307},
  year    = {1949}
}

@article{henson1996unchained,
  title     = {Unchained memory: Error patterns rule out chaining models of immediate serial recall},
  author    = {Henson, Richard NA},
  journal   = {The Quarterly Journal of Experimental Psychology Section A},
  volume    = {49},
  number    = {1},
  pages     = {80--115},
  year      = {1996},
  publisher = {Taylor \& Francis}
}

@article{hills2012optimal,
  title     = {Optimal foraging in semantic memory.},
  author    = {Hills, Thomas T and Jones, Michael N and Todd, Peter M},
  journal   = {Psychological review},
  volume    = {119},
  number    = {2},
  pages     = {431},
  year      = {2012},
  publisher = {American Psychological Association}
}

@article{hintzman1975spacing,
  title     = {Spacing judgments as an index of study-phase retrieval.},
  author    = {Hintzman, Douglas L and Summers, Jeffrey J and Block, Richard A},
  journal   = {Journal of Experimental Psychology: Human Learning and Memory},
  volume    = {1},
  number    = {1},
  pages     = {31},
  year      = {1975},
  publisher = {American Psychological Association}
}

@article{hintzman1984minerva,
  title     = {MINERVA 2: A simulation model of human memory},
  author    = {Hintzman, Douglas L},
  journal   = {Behavior Research Methods, Instruments, \& Computers},
  volume    = {16},
  number    = {2},
  pages     = {96--101},
  year      = {1984},
  publisher = {Springer}
}

@article{hintzman1986schema,
  title     = {" Schema abstraction" in a multiple-trace memory model.},
  author    = {Hintzman, Douglas L},
  journal   = {Psychological review},
  volume    = {93},
  number    = {4},
  pages     = {411},
  year      = {1986},
  publisher = {American Psychological Association}
}
@article{hintzman1988judgments,
  title     = {Judgments of frequency and recognition memory in a multiple-trace memory model.},
  author    = {Hintzman, Douglas L},
  journal   = {Psychological review},
  volume    = {95},
  number    = {4},
  pages     = {528},
  year      = {1988},
  publisher = {American Psychological Association}
}

@article{homa1981limitations,
  title     = {Limitations of exemplar-based generalization and the abstraction of categorical information.},
  author    = {Homa, Donald and Sterling, Sharon and Trepel, Lawrence},
  journal   = {Journal of Experimental Psychology: Human Learning and Memory},
  volume    = {7},
  number    = {6},
  pages     = {418},
  year      = {1981},
  publisher = {American Psychological Association}
}
@article{hong2024modulation,
  title     = {The modulation and elimination of temporal organization in free recall.},
  author    = {Hong, Min Kyung and Gunn, Jordan B and Fazio, Lisa K and Polyn, Sean M},
  journal   = {Journal of Experimental Psychology: Learning, Memory, and Cognition},
  volume    = {50},
  number    = {7},
  pages     = {1035},
  year      = {2024},
  publisher = {American Psychological Association}
}
@article{hopfield1982neural,
  title     = {Neural networks and physical systems with emergent collective computational abilities.},
  author    = {Hopfield, John J},
  journal   = {Proceedings of the national academy of sciences},
  volume    = {79},
  number    = {8},
  pages     = {2554--2558},
  year      = {1982},
  publisher = {National Acad Sciences}
}

@article{horwath2023value,
  title     = {Value restructures the organization of free recall},
  author    = {Horwath, Elizabeth A and Rouhani, Nina and DuBrow, Sarah and Murty, Vishnu P},
  journal   = {Cognition},
  volume    = {231},
  pages     = {105315},
  year      = {2023},
  publisher = {Elsevier}
}
@article{howard1999context,
  title     = {Contextual variability and serial position effects in free recall.},
  author    = {Howard, Marc W and Kahana, Michael J},
  journal   = {Journal of Experimental Psychology: Learning, Memory, and Cognition},
  volume    = {25},
  number    = {4},
  pages     = {923},
  year      = {1999},
  publisher = {American Psychological Association}
}
@article{howard2002distributed,
  title     = {A distributed representation of temporal context},
  author    = {Howard, Marc W and Kahana, Michael J},
  journal   = {Journal of mathematical psychology},
  volume    = {46},
  number    = {3},
  pages     = {269--299},
  year      = {2002},
  publisher = {Elsevier},
  note      = {Original TCM specification, includes claim that previous models used random drift.}
}

@article{howard2002does,
  title     = {When does semantic similarity help episodic retrieval?},
  author    = {Howard, Marc W and Kahana, Michael J},
  journal   = {Journal of Memory and Language},
  volume    = {46},
  number    = {1},
  pages     = {85--98},
  year      = {2002},
  publisher = {Elsevier}
}

@article{howard2008persistence,
  title     = {The persistence of memory: Contiguity effects across hundreds of seconds},
  author    = {Howard, Marc W and Youker, Tess E and Venkatadass, Vijay S},
  journal   = {Psychonomic Bulletin \& Review},
  volume    = {15},
  number    = {1},
  pages     = {58--63},
  year      = {2008},
  publisher = {Springer}
}

@article{jacoby1974role,
  title     = {The role of mental contiguity in memory: Registration and retrieval effects},
  author    = {Jacoby, Larry L},
  journal   = {Journal of Verbal Learning and Verbal Behavior},
  volume    = {13},
  number    = {5},
  pages     = {483--496},
  year      = {1974},
  publisher = {Elsevier}
}

@article{jamieson2018instance,
  title     = {An instance theory of semantic memory},
  author    = {Jamieson, Randall K and Avery, Johnathan E and Johns, Brendan T and Jones, Michael N},
  journal   = {Computational Brain \& Behavior},
  volume    = {1},
  pages     = {119--136},
  year      = {2018},
  publisher = {Springer}
}

@incollection{johnson2004history,
  title     = {The history of mental models},
  author    = {Johnson-Laird, Philip N},
  booktitle = {Psychology of reasoning},
  pages     = {189--222},
  year      = {2004},
  publisher = {Psychology Press}
}
@article{kahana1996associative,
  title     = {Associative retrieval processes in free recall},
  author    = {Kahana, Michael J},
  journal   = {Memory \& cognition},
  volume    = {24},
  number    = {1},
  pages     = {103--109},
  year      = {1996},
  publisher = {Springer}
}

@article{kahana1996associative,
  title     = {Associative retrieval processes in free recall},
  author    = {Kahana, Michael J},
  journal   = {Memory \& cognition},
  volume    = {24},
  number    = {1},
  pages     = {103--109},
  year      = {1996},
  publisher = {Springer}
}
@article{kahana2000interresponse,
  title     = {Interresponse times in serial recall: effects of intraserial repetition.},
  author    = {Kahana, Michael J and Jacobs, Joshua},
  journal   = {Journal of Experimental Psychology: Learning, Memory, and Cognition},
  volume    = {26},
  number    = {5},
  pages     = {1188},
  year      = {2000},
  publisher = {American Psychological Association}
}

@article{kahana2002associative,
  title     = {Associative asymmetry in probed recall of serial lists},
  author    = {Kahana, Michael J and Caplan, Jeremy B},
  journal   = {Memory \& Cognition},
  volume    = {30},
  number    = {6},
  pages     = {841--849},
  year      = {2002},
  publisher = {Springer}
}

@article{kahana2005spacing,
  title     = {Spacing and lag effects in free recall of pure lists},
  author    = {Kahana, Michael J and Howard, Marc W},
  journal   = {Psychonomic Bulletin \& Review},
  volume    = {12},
  number    = {1},
  pages     = {159--164},
  year      = {2005},
  publisher = {Springer}
}
@article{kahana2020computational,
  title     = {Computational models of memory search},
  author    = {Kahana, Michael J},
  journal   = {Annual Review of Psychology},
  volume    = {71},
  number    = {1},
  pages     = {107--138},
  year      = {2020},
  publisher = {Annual Reviews}
}


@misc{kahana2022laws,
  title  = {Laws of human memory},
  author = {Kahana, Michael J and Diamond, Nicholas B and Aka, Ada},
  year   = {2022}
}

@article{karpicke2011retrieval,
  title     = {Retrieval practice produces more learning than elaborative studying with concept mapping},
  author    = {Karpicke, Jeffrey D and Blunt, Janell R},
  journal   = {Science},
  volume    = {331},
  number    = {6018},
  pages     = {772--775},
  year      = {2011},
  publisher = {American Association for the Advancement of Science}
}

@article{kelly2017memory,
  title     = {The memory tesseract: Mathematical equivalence between composite and separate storage memory models},
  author    = {Kelly, Mary Alexandria and Mewhort, Douglas JK and West, Robert L},
  journal   = {Journal of Mathematical Psychology},
  volume    = {77},
  pages     = {142--155},
  year      = {2017},
  publisher = {Elsevier}
}

@article{kiela2021dynabench,
  title   = {Dynabench: Rethinking benchmarking in NLP},
  author  = {Kiela, Douwe and Bartolo, Max and Nie, Yixin and Kaushik, Divyansh and Geiger, Atticus and Wu, Zhengxuan and Vidgen, Bertie and Prasad, Grusha and Singh, Amanpreet and Ringshia, Pratik and others},
  journal = {arXiv preprint arXiv:2104.14337},
  year    = {2021}
}

@article{kintsch1973reading,
  title     = {Reading rate and retention as a function of the number of propositions in the base structure of sentences},
  author    = {Kintsch, Walter and Keenan, Janice},
  journal   = {Cognitive psychology},
  volume    = {5},
  number    = {3},
  pages     = {257--274},
  year      = {1973},
  publisher = {Elsevier}
}

@article{kintsch1977summarizing,
  title     = {Summarizing stories after reading and listening.},
  author    = {Kintsch, Walter and Kozminsky, Ely},
  journal   = {Journal of educational psychology},
  volume    = {69},
  number    = {5},
  pages     = {491},
  year      = {1977},
  publisher = {American Psychological Association}
}

@article{kintsch1978toward,
  title     = {Toward a model of text comprehension and production.},
  author    = {Kintsch, Walter and Van Dijk, Teun A},
  journal   = {Psychological review},
  volume    = {85},
  number    = {5},
  pages     = {363},
  year      = {1978},
  publisher = {American Psychological Association}
}


@book{kintsch1998comprehension,
  title     = {Comprehension: A paradigm for cognition},
  author    = {Kintsch, Walter},
  year      = {1998},
  publisher = {Cambridge university press}
}


@article{KleiEtal05,
  author        = {Klein, K. A. and Addis, K. M. and Kahana, M. J.},
  date-added    = {2014-09-04 19:52:16 +0000},
  date-modified = {2014-09-04 19:52:19 +0000},
  journal       = {Memory \& Cognition},
  pages         = {833--839},
  title         = {A comparative analysis of serial and free recall},
  volume        = {33},
  year          = {2005}
}

@article{kragel2015neural,
  title     = {Neural activity in the medial temporal lobe reveals the fidelity of mental time travel},
  author    = {Kragel, James E and Morton, Neal W and Polyn, Sean M},
  journal   = {Journal of Neuroscience},
  volume    = {35},
  number    = {7},
  pages     = {2914--2926},
  year      = {2015},
  publisher = {Soc Neuroscience}
}

@article{kumar2021semantic,
  title     = {Semantic memory: A review of methods, models, and current challenges},
  author    = {Kumar, Abhilasha A},
  journal   = {Psychonomic Bulletin \& Review},
  volume    = {28},
  pages     = {40--80},
  year      = {2021},
  publisher = {Springer}
}

@article{kurby2012starting,
  title     = {Starting from scratch and building brick by brick in comprehension},
  author    = {Kurby, Christopher A and Zacks, Jeffrey M},
  journal   = {Memory \& cognition},
  volume    = {40},
  pages     = {812--826},
  year      = {2012},
  publisher = {Springer}
}

@book{laird1983mental,
  title     = {Mental models: Towards a cognitive science of language, inference, and consciousness},
  author    = {Johnson-Laird, Philip N},
  number    = {6},
  year      = {1983},
  publisher = {Harvard University Press}
}


@article{lakoff1972structural,
  title  = {Structural complexity in fairy tales},
  author = {Lakoff, George},
  year   = {1972}
}


@article{li1993intralist,
  title     = {Intralist distractors and recall direction: Constraints on models of memory for serial order.},
  author    = {Li, Shu-Chen and Lewandowsky, Stephan},
  journal   = {Journal of Experimental Psychology: Learning, Memory, and Cognition},
  volume    = {19},
  number    = {4},
  pages     = {895},
  year      = {1993},
  publisher = {American Psychological Association}
}

@article{linderholm2000effects,
  title     = {Effects of causal text revisions on more-and less-skilled readers' comprehension of easy and difficult texts},
  author    = {Linderholm, Tracy and Everson, Michelle Gaddy and Van Den Broek, Paul and Mischinski, Maureen and Crittenden, Alex and Samuels, Jay},
  journal   = {Cognition and Instruction},
  volume    = {18},
  number    = {4},
  pages     = {525--556},
  year      = {2000},
  publisher = {Taylor \& Francis}
}
@article{logan1988toward,
  title     = {Toward an instance theory of automatization.},
  author    = {Logan, Gordon D},
  journal   = {Psychological review},
  volume    = {95},
  number    = {4},
  pages     = {492},
  year      = {1988},
  publisher = {American Psychological Association}
}

@article{logan2001executive,
  title     = {Executive control of visual attention in dual-task situations.},
  author    = {Logan, Gordon D and Gordon, Robert D},
  journal   = {Psychological review},
  volume    = {108},
  number    = {2},
  pages     = {393},
  year      = {2001},
  publisher = {American Psychological Association}
}

@article{logan2018automatic,
  title     = {Automatic control: How experts act without thinking.},
  author    = {Logan, Gordon D},
  journal   = {Psychological Review},
  volume    = {125},
  number    = {4},
  pages     = {453},
  year      = {2018},
  publisher = {American Psychological Association}
}

@article{logan2021bserial,
  title     = {Serial memory: Putting chains and position codes in context.},
  author    = {Logan, Gordon D and Cox, Gregory E},
  journal   = {Psychological Review},
  volume    = {128},
  number    = {6},
  pages     = {1197},
  year      = {2021},
  publisher = {American Psychological Association}
}
@article{logan2021serial,
  title     = {Serial order in perception, memory, and action.},
  author    = {Logan, Gordon D},
  journal   = {Psychological Review},
  volume    = {128},
  number    = {1},
  pages     = {1},
  year      = {2021},
  publisher = {American Psychological Association}
}
@article{logan2023serial,
  title     = {Serial order depends on item-dependent and item-independent contexts.},
  author    = {Logan, Gordon D and Cox, Gregory E},
  journal   = {Psychological Review},
  year      = {2023},
  publisher = {American Psychological Association}
}

@article{lohnas2011contextual,
  title     = {Contextual variability in free recall},
  author    = {Lohnas, Lynn and Polyn, Sean M and Kahana, Michael J},
  journal   = {Journal of memory and language},
  volume    = {64},
  number    = {3},
  pages     = {249--255},
  year      = {2011},
  publisher = {Elsevier}
}

@article{lohnas2014compound,
  title     = {Compound cuing in free recall.},
  author    = {Lohnas, Lynn and Kahana, Michael},
  journal   = {Journal of Experimental Psychology: Learning, Memory, and Cognition},
  volume    = {40},
  number    = {1},
  pages     = {12},
  year      = {2014},
  publisher = {American Psychological Association}
}

@article{lohnas2014retrieved,
  title     = {A retrieved context account of spacing and repetition effects in free recall.},
  author    = {Lohnas, Lynn and Kahana, Michael J},
  journal   = {Journal of Experimental Psychology: Learning, Memory, and Cognition},
  volume    = {40},
  number    = {3},
  pages     = {755},
  year      = {2014},
  publisher = {American Psychological Association}
}
@article{lohnas2015expanding,
  title     = {Expanding the scope of memory search: Modeling intralist and interlist effects in free recall.},
  author    = {Lohnas, Lynn and Polyn, Sean M and Kahana, Michael J},
  journal   = {Psychological review},
  volume    = {122},
  number    = {2},
  pages     = {337},
  year      = {2015},
  publisher = {American Psychological Association}
}

@article{lohnas2024retrieved,
  title     = {A retrieved context model of serial recall and free recall},
  author    = {Lohnas, Lynn},
  journal   = {Computational Brain \& Behavior},
  pages     = {1--35},
  year      = {2024},
  publisher = {Springer}
}
@article{lohnas2024temporal,
  title     = {Temporal associations supporting repetitions in free recall},
  author    = {Lohnas, Lynn},
  year      = {2024},
  publisher = {OSF}
}

@article{lohnas2025temporal,
  title     = {Temporal associations supporting repetitions in free recall},
  author    = {Lohnas, Lynn},
  journal   = {Psychonomic Bulletin \& Review},
  pages     = {1--9},
  year      = {2025},
  publisher = {Springer}
}

@article{long2001comprehension,
  title     = {Comprehension skill and global coherence: a paradoxical picture of poor comprehenders' abilities.},
  author    = {Long, Debra L and Chong, Jennifer L},
  journal   = {Journal of Experimental Psychology: Learning, Memory, and Cognition},
  volume    = {27},
  number    = {6},
  pages     = {1424},
  year      = {2001},
  publisher = {American Psychological Association}
}
@article{long2001comprehension,
  title     = {Comprehension skill and global coherence: a paradoxical picture of poor comprehenders' abilities.},
  author    = {Long, Debra L and Chong, Jennifer L},
  journal   = {Journal of Experimental Psychology: Learning, Memory, and Cognition},
  volume    = {27},
  number    = {6},
  pages     = {1424},
  year      = {2001},
  publisher = {American Psychological Association}
}

@article{long2005have,
  title     = {Have we been searching for meaning in all the wrong places? Defining the" search after meaning" principle in comprehension},
  author    = {Long, Debra L and Lea, R Brooke},
  journal   = {Discourse processes},
  volume    = {39},
  number    = {2-3},
  pages     = {279--298},
  year      = {2005},
  publisher = {Taylor \& Francis}
}


@book{luce1959individual,
  title     = {Individual choice behavior},
  author    = {Luce, R Duncan},
  volume    = {4},
  year      = {1959},
  publisher = {Wiley New York}
}

@article{lutz1997fate,
  title     = {The fate of completed goal information in narrative comprehension},
  author    = {Lutz, Mark F and Radvansky, Gabriel A},
  journal   = {Journal of Memory and Language},
  volume    = {36},
  number    = {2},
  pages     = {293--310},
  year      = {1997},
  publisher = {Elsevier}
}


@article{maddox2016understanding,
  title     = {Understanding the underlying mechanism of the spacing effect in verbal learning: A case for encoding variability and study-phase retrieval},
  author    = {Maddox, Geoffrey B},
  journal   = {Journal of Cognitive Psychology},
  volume    = {28},
  number    = {6},
  pages     = {684--706},
  year      = {2016},
  publisher = {Taylor \& Francis}
}

@article{magliano2014event,
  title     = {Event segmentation during first-person continuous events},
  author    = {Magliano, Joseph P and Radvansky, Gabriel A and Forsythe, J Christopher and Copeland, David E},
  journal   = {Journal of Cognitive Psychology},
  volume    = {26},
  number    = {6},
  pages     = {649--661},
  year      = {2014},
  publisher = {Taylor \& Francis}
}
	
@article{mandler1977remembrance,
  title     = {Remembrance of things parsed: Story structure and recall},
  author    = {Mandler, Jean M and Johnson, Nancy S},
  journal   = {Cognitive psychology},
  volume    = {9},
  number    = {1},
  pages     = {111--151},
  year      = {1977},
  publisher = {Elsevier}
}
@misc{marquez2008semantic,
  title     = {Semantic role labeling: an introduction to the special issue},
  author    = {M{\`a}rquez, Llu{\'\i}s and Carreras, Xavier and Litkowski, Kenneth C and Stevenson, Suzanne},
  journal   = {Computational linguistics},
  volume    = {34},
  number    = {2},
  pages     = {145--159},
  year      = {2008},
  publisher = {MIT Press One Rogers Street, Cambridge, MA 02142-1209, USA journals-info~…}
}
@article{mcclelland1995there,
  title     = {Why there are complementary learning systems in the hippocampus and neocortex: insights from the successes and failures of connectionist models of learning and memory.},
  author    = {McClelland, James L and McNaughton, Bruce L and O'Reilly, Randall C},
  journal   = {Psychological review},
  volume    = {102},
  number    = {3},
  pages     = {419},
  year      = {1995},
  publisher = {American Psychological Association}
}

@article{mcclelland2009place,
  title     = {The place of modeling in cognitive science},
  author    = {McClelland, James L},
  journal   = {Topics in Cognitive Science},
  volume    = {1},
  number    = {1},
  pages     = {11--38},
  year      = {2009},
  publisher = {Wiley Online Library}
}

@article{mckoon1992inference,
  title     = {Inference during reading.},
  author    = {McKoon, Gail and Ratcliff, Roger},
  journal   = {Psychological review},
  volume    = {99},
  number    = {3},
  pages     = {440},
  year      = {1992},
  publisher = {American Psychological Association}
}

@article{mcnamara1996good,
  title     = {Are good texts always better? Interactions of text coherence, background knowledge, and levels of understanding in learning from text},
  author    = {McNamara, Danielle S and Kintsch, Eileen and Songer, Nancy Butler and Kintsch, Walter},
  journal   = {Cognition and instruction},
  volume    = {14},
  number    = {1},
  pages     = {1--43},
  year      = {1996},
  publisher = {Taylor \& Francis}
}

@article{mcnamara1996learning,
  title     = {Learning from texts: Effects of prior knowledge and text coherence},
  author    = {McNamara, Danielle S and Kintsch, Walter},
  journal   = {Discourse processes},
  volume    = {22},
  number    = {3},
  pages     = {247--288},
  year      = {1996},
  publisher = {Taylor \& Francis}
}


@article{mcnamara2009toward,
  title     = {Toward a comprehensive model of comprehension},
  author    = {McNamara, Danielle S and Magliano, Joe},
  journal   = {Psychology of learning and motivation},
  volume    = {51},
  pages     = {297--384},
  year      = {2009},
  publisher = {Elsevier}
}

@article{melton1972coding,
  title     = {Coding processes in human memory.},
  author    = {Melton, Arthur W and Martin, Edwin},
  year      = {1972},
  publisher = {VH Winston \& Sons}
}

@article{mensink1989model,
  title     = {A model for contextual fluctuation},
  author    = {Mensink, Ger-Jan M and Raaijmakers, Jeroen GW},
  journal   = {Journal of Mathematical Psychology},
  volume    = {33},
  number    = {2},
  pages     = {172--186},
  year      = {1989},
  publisher = {Elsevier}
}

@article{miller2012recall,
  title     = {Recall termination in free recall},
  author    = {Miller, Jonathan F and Weidemann, Christoph T and Kahana, Michael J},
  journal   = {Memory \& cognition},
  volume    = {40},
  pages     = {540--550},
  year      = {2012},
  publisher = {Springer}
}

@article{morrow1987accessibility,
  title     = {Accessibility and situation models in narrative comprehension},
  author    = {Morrow, Daniel G and Greenspan, Steven L and Bower, Gordon H},
  journal   = {Journal of Memory and language},
  volume    = {26},
  number    = {2},
  pages     = {165--187},
  year      = {1987},
  publisher = {Elsevier}
}

@article{morton2013category,
  title     = {Category-specific neural oscillations predict recall organization during memory search},
  author    = {Morton, Neal W and Kahana, Michael J and Rosenberg, Emily A and Baltuch, Gordon H and Litt, Brian and Sharan, Ashwini D and Sperling, Michael R and Polyn, Sean M},
  journal   = {Cerebral Cortex},
  volume    = {23},
  number    = {10},
  pages     = {2407--2422},
  year      = {2013},
  publisher = {Oxford University Press}
}

@article{morton2016predictive,
  title     = {A predictive framework for evaluating models of semantic organization in free recall},
  author    = {Morton, Neal W and Polyn, Sean M},
  journal   = {Journal of memory and language},
  volume    = {86},
  pages     = {119--140},
  year      = {2016},
  publisher = {Elsevier}
}


@article{morton2017beta,
  title     = {Beta-band activity represents the recent past during episodic encoding},
  author    = {Morton, Neal W and Polyn, Sean M},
  journal   = {Neuroimage},
  volume    = {147},
  pages     = {692--702},
  year      = {2017},
  publisher = {Elsevier}
}

@article{mortonneurocognitive,
  title  = {A neurocognitive theory of episodic and semantic interactions during memory search},
  author = {Morton, Neal W and Polyn, Sean M}
}

@article{mundorf2021test,
  title     = {A test of retrieved context theory: Dynamics of recall after incidental encoding.},
  author    = {Mundorf, Abigail and Lazarus, Linh TT and Uitvlugt, Mitchell G and Healey, M Karl},
  journal   = {Journal of Experimental Psychology: Learning, Memory, and Cognition},
  volume    = {47},
  number    = {8},
  pages     = {1264},
  year      = {2021},
  publisher = {American Psychological Association}
}
@article{murdock1962serial,
  title     = {The serial position effect of free recall.},
  author    = {Murdock, Bennet B},
  journal   = {Journal of experimental psychology},
  volume    = {64},
  number    = {5},
  pages     = {482},
  year      = {1962},
  publisher = {American Psychological Association}
}

@article{myers1984memory,
  title     = {Memory search without interference: The role of integration},
  author    = {Myers, Jerome L and O'Brien, Edward J and Balota, David A and Toyofuku, Maria L},
  journal   = {Cognitive Psychology},
  volume    = {16},
  number    = {2},
  pages     = {217--242},
  year      = {1984},
  publisher = {Elsevier}
}

@article{myers1987degree,
  title     = {Degree of causal relatedness and memory},
  author    = {Myers, Jerome L and Shinjo, Makiko and Duffy, Susan A},
  journal   = {Journal of Memory and Language},
  volume    = {26},
  number    = {4},
  pages     = {453--465},
  year      = {1987},
  publisher = {Elsevier}
}


@article{nayak2021deep,
  title     = {Deep neural approaches to relation triplets extraction: A comprehensive survey},
  author    = {Nayak, Tapas and Majumder, Navonil and Goyal, Pawan and Poria, Soujanya},
  journal   = {Cognitive Computation},
  volume    = {13},
  pages     = {1215--1232},
  year      = {2021},
  publisher = {Springer}
}


@incollection{newell1973you,
  title     = {You can't play 20 questions with nature and win: Projective comments on the papers of this symposium},
  author    = {Newell, Allen},
  booktitle = {Machine Intelligence},
  pages     = {121--146},
  year      = {1973},
  publisher = {Routledge}
}

@article{nickerson1998confirmation,
  title     = {Confirmation bias: A ubiquitous phenomenon in many guises},
  author    = {Nickerson, Raymond S},
  journal   = {Review of general psychology},
  volume    = {2},
  number    = {2},
  pages     = {175--220},
  year      = {1998},
  publisher = {SAGE Publications Sage CA: Los Angeles, CA}
}


@article{nosofsky2002exemplar,
  title     = {Exemplar and prototype models revisited: response strategies, selective attention, and stimulus generalization.},
  author    = {Nosofsky, Robert M and Zaki, Safa R},
  journal   = {Journal of Experimental Psychology: Learning, memory, and cognition},
  volume    = {28},
  number    = {5},
  pages     = {924},
  year      = {2002},
  publisher = {American Psychological Association}
}

@article{o1987role,
  title     = {The role of causal connections in the retrieval of text},
  author    = {O’Brien, Edward J and Myers, Jerome L},
  journal   = {Memory \& Cognition},
  volume    = {15},
  number    = {5},
  pages     = {419--427},
  year      = {1987},
  publisher = {Springer}
}

@incollection{o2016separating,
  title     = {Separating the activation, integration, and validation components of reading},
  author    = {O'Brien, Edward J and Cook, Anne E},
  booktitle = {Psychology of learning and motivation},
  volume    = {65},
  pages     = {249--276},
  year      = {2016},
  publisher = {Elsevier}
}


@article{oberauer2018benchmarks,
  title     = {Benchmarks for models of short-term and working memory.},
  author    = {Oberauer, Klaus and Lewandowsky, Stephan and Awh, Edward and Brown, Gordon DA and Conway, Andrew and Cowan, Nelson and Donkin, Christopher and Farrell, Simon and Hitch, Graham J and Hurlstone, Mark J and others},
  journal   = {Psychological bulletin},
  volume    = {144},
  number    = {9},
  pages     = {885},
  year      = {2018},
  publisher = {American Psychological Association}
}
@article{osth2019using,
  title     = {Using response time distributions and race models to characterize primacy and recency effects in free recall initiation.},
  author    = {Osth, Adam F and Farrell, Simon},
  journal   = {Psychological review},
  volume    = {126},
  number    = {4},
  pages     = {578},
  year      = {2019},
  publisher = {American Psychological Association}
}

@article{osth2023item,
  title     = {Do item-dependent context representations underlie serial order in cognition? Commentary on Logan (2021).},
  author    = {Osth, Adam F and Hurlstone, Mark J},
  year      = {2023},
  publisher = {American Psychological Association}
}

@article{palminteri2017importance,
  title     = {The importance of falsification in computational cognitive modeling},
  author    = {Palminteri, Stefano and Wyart, Valentin and Koechlin, Etienne},
  journal   = {Trends in cognitive sciences},
  volume    = {21},
  number    = {6},
  pages     = {425--433},
  year      = {2017},
  publisher = {Elsevier}
}

@inproceedings{pennington2014glove,
  title     = {Glove: Global vectors for word representation},
  author    = {Pennington, Jeffrey and Socher, Richard and Manning, Christopher D},
  booktitle = {Proceedings of the 2014 conference on empirical methods in natural language processing (EMNLP)},
  pages     = {1532--1543},
  year      = {2014}
}

@article{perrig1985propositional,
  title     = {Propositional and situational representations of text},
  author    = {Perrig, Walter and Kintsch, Walter},
  journal   = {Journal of Memory and language},
  volume    = {24},
  number    = {5},
  pages     = {503--518},
  year      = {1985},
  publisher = {Elsevier}
}

@article{pesco2017scaffolding,
  title     = {Scaffolding narrative skills: A meta-analysis of instruction in early childhood settings},
  author    = {Pesco, Diane and Gagn{\'e}, Andr{\'e}anne},
  journal   = {Early Education and Development},
  volume    = {28},
  number    = {7},
  pages     = {773--793},
  year      = {2017},
  publisher = {Taylor \& Francis}
}

@article{polyn2009context,
  title     = {A context maintenance and retrieval model of organizational processes in free recall.},
  author    = {Polyn, Sean M and Norman, Kenneth A and Kahana, Michael J},
  journal   = {Psychological review},
  volume    = {116},
  number    = {1},
  pages     = {129},
  year      = {2009},
  publisher = {American Psychological Association}
}


@incollection{polyn2023assessing,
  title     = {Assessing neurocognitive hypotheses in a likelihood-based model of the free-recall task},
  author    = {Polyn, Sean M},
  booktitle = {An Introduction to Model-Based Cognitive Neuroscience},
  pages     = {303--325},
  year      = {2023},
  publisher = {Springer}
}

@phdthesis{pond2020story,
  title  = {Story grammar analysis of Cinderella narratives in adults with and without traumatic brain injury},
  author = {Pond, Melanie},
  year   = {2020},
  school = {University of New Hampshire}
}

@article{puff1966clustering,
  title     = {Clustering as a function of the sequential organization of stimulus word lists},
  author    = {Puff, C Richard},
  journal   = {Journal of Verbal Learning and Verbal Behavior},
  volume    = {5},
  number    = {6},
  pages     = {503--506},
  year      = {1966},
  publisher = {Elsevier}
}

@article{raaijmakers1981search,
  title     = {Search of associative memory.},
  author    = {Raaijmakers, Jeroen G and Shiffrin, Richard M},
  journal   = {Psychological review},
  volume    = {88},
  number    = {2},
  pages     = {93},
  year      = {1981},
  publisher = {American Psychological Association}
}

@article{radvansky1998retrieval,
  title     = {Retrieval from temporally organized situation models.},
  author    = {Radvansky, Gabriel A and Zwaan, Rolf A and Federico, Todd and Franklin, Nancy},
  journal   = {Journal of Experimental Psychology: Learning, Memory, and Cognition},
  volume    = {24},
  number    = {5},
  pages     = {1224},
  year      = {1998},
  publisher = {American Psychological Association}
}


@article{ramsauer2020hopfield,
  title   = {Hopfield networks is all you need},
  author  = {Ramsauer, Hubert and Sch{\"a}fl, Bernhard and Lehner, Johannes and Seidl, Philipp and Widrich, Michael and Adler, Thomas and Gruber, Lukas and Holzleitner, Markus and Pavlovi{\'c}, Milena and Sandve, Geir Kjetil and others},
  journal = {arXiv preprint arXiv:2008.02217},
  year    = {2020}
}

@article{ratcliff1990list,
  title     = {List-strength effect: I. Data and discussion.},
  author    = {Ratcliff, Roger and Clark, Steven E and Shiffrin, Richard M},
  journal   = {Journal of Experimental Psychology: Learning, Memory, and Cognition},
  volume    = {16},
  number    = {2},
  pages     = {163},
  year      = {1990},
  publisher = {American Psychological Association}
}

@article{reichle2015computational,
  title     = {Computational models of reading: A primer},
  author    = {Reichle, Erik D},
  journal   = {Language and Linguistics Compass},
  volume    = {9},
  number    = {7},
  pages     = {271--284},
  year      = {2015},
  publisher = {Wiley Online Library}
}


@book{reichle2021computational,
  title     = {Computational models of reading: A handbook},
  author    = {Reichle, Erik D},
  year      = {2021},
  publisher = {Oxford University Press}
}

@article{reynolds2007computational,
  title     = {A computational model of event segmentation from perceptual prediction},
  author    = {Reynolds, Jeremy R and Zacks, Jeffrey M and Braver, Todd S},
  journal   = {Cognitive science},
  volume    = {31},
  number    = {4},
  pages     = {613--643},
  year      = {2007},
  publisher = {Wiley Online Library}
}
{Wiley Online Library}
}

@article{rinck2000temporal,
  title     = {Temporal and spatial distance in situation models},
  author    = {Rinck, Mike and Bower, Gordon H},
  journal   = {Memory \& Cognition},
  volume    = {28},
  number    = {8},
  pages     = {1310--1320},
  year      = {2000},
  publisher = {Springer}
}

@article{romney1993predicting,
  title     = {Predicting clustering from semantic structure},
  author    = {Romney, A Kimball and Brewer, Devon D and Batchelder, William H},
  journal   = {Psychological Science},
  volume    = {4},
  number    = {1},
  pages     = {28--34},
  year      = {1993},
  publisher = {SAGE Publications Sage CA: Los Angeles, CA}
}

@article{ross1978memory,
  title     = {Memory for at least one of two items: Test and failure of several theories of spacing effects},
  author    = {Ross, Brian H and Landauer, Thomas K},
  journal   = {Journal of Verbal Learning and Verbal Behavior},
  volume    = {17},
  number    = {6},
  pages     = {669--680},
  year      = {1978},
  publisher = {Elsevier}
}

@incollection{rumelhart1975notes,
  title     = {Notes on a schema for stories},
  author    = {Rumelhart, David E},
  booktitle = {Representation and understanding},
  pages     = {211--236},
  year      = {1975},
  publisher = {Elsevier}
}

@article{rumelhart1980schemata,
  title     = {Schemata: The building blocks of cognition},
  author    = {RUMELHART, DE},
  journal   = {Theoretical Issues in Reading Comprehension},
  year      = {1980},
  publisher = {Lawrence Erlbaum Associates}
}
@article{sarzynska2021detecting,
  title     = {Detecting formal thought disorder by deep contextualized word representations},
  author    = {Sarzynska-Wawer, Justyna and Wawer, Aleksander and Pawlak, Aleksandra and Szymanowska, Julia and Stefaniak, Izabela and Jarkiewicz, Michal and Okruszek, Lukasz},
  journal   = {Psychiatry Research},
  volume    = {304},
  pages     = {114135},
  year      = {2021},
  publisher = {Elsevier}
}

@article{schapiro2013neural,
  title     = {Neural representations of events arise from temporal community structure},
  author    = {Schapiro, Anna C and Rogers, Timothy T and Cordova, Natalia I and Turk-Browne, Nicholas B and Botvinick, Matthew M},
  journal   = {Nature neuroscience},
  volume    = {16},
  number    = {4},
  pages     = {486--492},
  year      = {2013},
  publisher = {Nature Publishing Group US New York}
}

@article{schlichting2015memory,
  title     = {Memory integration: neural mechanisms and implications for behavior},
  author    = {Schlichting, Margaret L and Preston, Alison R},
  journal   = {Current opinion in behavioral sciences},
  volume    = {1},
  pages     = {1--8},
  year      = {2015},
  publisher = {Elsevier}
}

@article{sederberg2008context,
  title     = {A context-based theory of recency and contiguity in free recall.},
  author    = {Sederberg, Per B and Howard, Marc W and Kahana, Michael J},
  journal   = {Psychological review},
  volume    = {115},
  number    = {4},
  pages     = {893},
  year      = {2008},
  publisher = {American Psychological Association}
}

@article{sederberg2011human,
  title     = {Human memory reconsolidation can be explained using the temporal context model},
  author    = {Sederberg, Per B and Gershman, Samuel J and Polyn, Sean M and Norman, Kenneth A},
  journal   = {Psychonomic bulletin \& review},
  volume    = {18},
  pages     = {455--468},
  year      = {2011},
  publisher = {Springer}
}

@article{shiffrin1997model,
  title     = {A model for recognition memory: REM—retrieving effectively from memory},
  author    = {Shiffrin, Richard M and Steyvers, Mark},
  journal   = {Psychonomic bulletin \& review},
  volume    = {4},
  pages     = {145--166},
  year      = {1997},
  publisher = {Springer}
}

@article{shin2021structuring,
  title     = {Structuring memory through inference-based event segmentation},
  author    = {Shin, Yeon Soon and DuBrow, Sarah},
  journal   = {Topics in Cognitive Science},
  volume    = {13},
  number    = {1},
  pages     = {106--127},
  year      = {2021},
  publisher = {Wiley Online Library}
}
@article{simmons2016false,
  title     = {False-positive psychology: undisclosed flexibility in data collection and analysis allows presenting anything as significant.},
  author    = {Simmons, Joseph P and Nelson, Leif D and Simonsohn, Uri},
  year      = {2016},
  publisher = {American Psychological Association}
}

@article{singer1992validation,
  title     = {Validation of causal bridging inferences in discourse understanding},
  author    = {Singer, Murray and Halldorson, Michael and Lear, Jeffrey C and Andrusiak, Peter},
  journal   = {Journal of memory and language},
  volume    = {31},
  number    = {4},
  pages     = {507--524},
  year      = {1992},
  publisher = {Elsevier}
}
@article{smith2019contextual,
  title   = {Contextual word representations: A contextual introduction},
  author  = {Smith, Noah A},
  journal = {arXiv preprint arXiv:1902.06006},
  year    = {2019}
}
@article{stanton2002comparisons,
  title     = {Comparisons between exemplar similarity and mixed prototype models using a linearly separable category structure},
  author    = {Stanton, Roger D and Nosofsky, Robert M and Zaki, Safa R},
  journal   = {Memory \& Cognition},
  volume    = {30},
  number    = {6},
  pages     = {934--944},
  year      = {2002},
  publisher = {Springer}
}

@article{stein1979analysis,
  title     = {An analysis of story comprehension in elementary school children},
  author    = {Stein, Nancy L and Glenn, Christine G},
  journal   = {New directions in discourse processing},
  volume    = {2},
  number    = {1979},
  pages     = {53--120},
  year      = {1979},
  publisher = {Norwood, NJ: Ablex.}
}

@article{steyvers2005word,
  title     = {Word Association Spaces for Predicting Semantic Similarity Effects in Episodic Memory.},
  author    = {Steyvers, Mark and Shiffrin, Richard M and Nelson, Douglas L},
  year      = {2005},
  publisher = {American Psychological Association}
}

@article{storn1997differential,
  title     = {Differential evolution--a simple and efficient heuristic for global optimization over continuous spaces},
  author    = {Storn, Rainer and Price, Kenneth},
  journal   = {Journal of global optimization},
  volume    = {11},
  number    = {4},
  pages     = {341--359},
  year      = {1997},
  publisher = {Springer}
}

@article{swallow2009event,
  title     = {Event boundaries in perception affect memory encoding and updating.},
  author    = {Swallow, Khena M and Zacks, Jeffrey M and Abrams, Richard A},
  journal   = {Journal of Experimental Psychology: General},
  volume    = {138},
  number    = {2},
  pages     = {236},
  year      = {2009},
  publisher = {American Psychological Association}
}

@article{talmi2019retrieved,
  title     = {A retrieved context model of the emotional modulation of memory.},
  author    = {Talmi, Deborah and Lohnas, Lynn and Daw, Nathaniel D},
  journal   = {Psychological Review},
  volume    = {126},
  number    = {4},
  pages     = {455},
  year      = {2019},
  publisher = {American Psychological Association}
}

@article{thorndyke1977cognitive,
  title     = {Cognitive structures in comprehension and memory of narrative discourse},
  author    = {Thorndyke, Perry W},
  journal   = {Cognitive psychology},
  volume    = {9},
  number    = {1},
  pages     = {77--110},
  year      = {1977},
  publisher = {Elsevier}
}

@article{tillman2020sequential,
  title     = {Sequential sampling models without random between-trial variability: The racing diffusion model of speeded decision making},
  author    = {Tillman, Gabriel and Van Zandt, Trish and Logan, Gordon D},
  journal   = {Psychonomic Bulletin \& Review},
  volume    = {27},
  number    = {5},
  pages     = {911--936},
  year      = {2020},
  publisher = {Springer}
}
@article{trabasso1985causal,
  title     = {Causal thinking and the representation of narrative events},
  author    = {Trabasso, Tom and Van Den Broek, Paul},
  journal   = {Journal of memory and language},
  volume    = {24},
  number    = {5},
  pages     = {612--630},
  year      = {1985},
  publisher = {Elsevier}
}

@article{trabasso1998modeling,
  title     = {Modeling causal integration and availability of information during comprehension of narrative texts},
  author    = {Trabasso, Tom and Langston, Mark},
  journal   = {The construction of mental representations during reading},
  volume    = {25},
  year      = {1998},
  publisher = {sn}
}

@article{tulving1970memory,
  title   = {Memory and Verbal Learning},
  author  = {Tulving, E. and Madigan, S. A.},
  journal = {Annual Review of Psychology},
  volume  = {21},
  pages   = {437--484},
  year    = {1970}
}
@article{tulving1972episodic,
  title     = {Episodic and semantic memory},
  author    = {Tulving, E. and others},
  journal   = {Organization of memory},
  volume    = {1},
  number    = {381-403},
  pages     = {1},
  year      = {1972},
  publisher = {New York}
}
@article{tulving1972inhibition,
  title     = {Inhibition effects of intralist repetition in free recall.},
  author    = {Tulving, E. and Hastie, R.},
  journal   = {Journal of Experimental Psychology},
  volume    = {92},
  number    = {3},
  pages     = {297},
  year      = {1972},
  publisher = {American Psychological Association}
}
@article{turner2019toward,
  title     = {Toward a common representational framework for adaptation.},
  author    = {Turner, Brandon M},
  journal   = {Psychological review},
  volume    = {126},
  number    = {5},
  pages     = {660},
  year      = {2019},
  publisher = {American Psychological Association}
}
@article{unsworth2011factors,
  title     = {Factors that influence search termination decisions in free recall: An examination of response type and confidence},
  author    = {Unsworth, Nash and Brewer, Gene A and Spillers, Gregory J},
  journal   = {Acta psychologica},
  volume    = {138},
  number    = {1},
  pages     = {19--29},
  year      = {2011},
  publisher = {Elsevier}
}

@article{van1980story,
  title     = {Story comprehension: An introduction},
  author    = {Van Dijk, Teun A},
  journal   = {Poetics},
  volume    = {9},
  number    = {1-3},
  pages     = {1--21},
  year      = {1980},
  publisher = {Elsevier}
}

@article{van1993principles,
  title     = {Principles of critical discourse analysis},
  author    = {Van Dijk, Teun A},
  journal   = {Discourse \& society},
  volume    = {4},
  number    = {2},
  pages     = {249--283},
  year      = {1993},
  publisher = {Sage Publications}
}

@article{van1999landscape,
  title   = {The landscape model of reading: Inferences and the online construction of a memory representation},
  author  = {Van den Broek, Paul and Young, Michael and Tzeng, Yuhtsuen and Linderholm, Tracy and others},
  journal = {The construction of mental representations during reading},
  pages   = {71--98},
  year    = {1999}
}

@article{van2005integrating,
  title     = {Integrating memory-based and constructionist processes in accounts of reading comprehension},
  author    = {Van den Broek, Paul and Rapp, David N and Kendeou, Panayiota},
  journal   = {Discourse processes},
  volume    = {39},
  number    = {2-3},
  pages     = {299--316},
  year      = {2005},
  publisher = {Taylor \& Francis}
}

@techreport{wachter2019retrieved,
  title       = {A retrieved-context theory of financial decisions},
  author      = {Wachter, Jessica A and Kahana, Michael Jacob},
  year        = {2019},
  institution = {National Bureau of Economic Research}
}

@article{wagenmakers2004aic,
  title     = {AIC model selection using Akaike weights},
  author    = {Wagenmakers, Eric-Jan and Farrell, Simon},
  journal   = {Psychonomic bulletin \& review},
  volume    = {11},
  pages     = {192--196},
  year      = {2004},
  publisher = {Springer}
}

@article{whiffen2017role,
  title     = {The role of episodic context in retrieval practice effects.},
  author    = {Whiffen, Joshua W and Karpicke, Jeffrey D},
  journal   = {Journal of Experimental Psychology: Learning, Memory, and Cognition},
  volume    = {43},
  number    = {7},
  pages     = {1036},
  year      = {2017},
  publisher = {American Psychological Association}
}

@article{wickelgren1966associative,
  title     = {Associative intrusions in short-term recall.},
  author    = {Wickelgren, Wayne A},
  journal   = {Journal of Experimental Psychology},
  volume    = {72},
  number    = {6},
  pages     = {853},
  year      = {1966},
  publisher = {American Psychological Association}
}
@article{wilson2019ten,
  title     = {Ten simple rules for the computational modeling of behavioral data},
  author    = {Wilson, Robert C and Collins, Anne GE},
  journal   = {Elife},
  volume    = {8},
  pages     = {e49547},
  year      = {2019},
  publisher = {eLife Sciences Publications, Ltd}
}
@article{yassa2011pattern,
  title     = {Pattern separation in the hippocampus},
  author    = {Yassa, Michael A and Stark, Craig EL},
  journal   = {Trends in neurosciences},
  volume    = {34},
  number    = {10},
  pages     = {515--525},
  year      = {2011},
  publisher = {Elsevier}
}

@inproceedings{yates2007textrunner,
  title     = {Textrunner: open information extraction on the web},
  author    = {Yates, Alexander and Banko, Michele and Broadhead, Matthew and Cafarella, Michael J and Etzioni, Oren and Soderland, Stephen},
  booktitle = {Proceedings of Human Language Technologies: The Annual Conference of the North American Chapter of the Association for Computational Linguistics (NAACL-HLT)},
  pages     = {25--26},
  year      = {2007}
}
@article{yeari2016computational,
  title     = {A computational modeling of semantic knowledge in reading comprehension: Integrating the landscape model with latent semantic analysis},
  author    = {Yeari, Menahem and van den Broek, Paul},
  journal   = {Behavior research methods},
  volume    = {48},
  pages     = {880--896},
  year      = {2016},
  publisher = {Springer}
}

@article{zacks2007event,
  title     = {Event segmentation},
  author    = {Zacks, Jeffrey M and Swallow, Khena M},
  journal   = {Current directions in psychological science},
  volume    = {16},
  number    = {2},
  pages     = {80--84},
  year      = {2007},
  publisher = {SAGE Publications Sage CA: Los Angeles, CA}
}
@article{zacks2009segmentation,
  title     = {Segmentation in reading and film comprehension.},
  author    = {Zacks, Jeffrey M and Speer, Nicole K and Reynolds, Jeremy R},
  journal   = {Journal of Experimental Psychology: General},
  volume    = {138},
  number    = {2},
  pages     = {307},
  year      = {2009},
  publisher = {American Psychological Association}
}
@article{zhang2023optimal,
  title     = {Optimal policies for free recall.},
  author    = {Zhang, Qiong and Griffiths, Thomas L and Norman, Kenneth A},
  journal   = {Psychological Review},
  volume    = {130},
  number    = {4},
  pages     = {1104},
  year      = {2023},
  publisher = {American Psychological Association}
}
@article{zhou2022survey,
  title   = {A survey on neural open information extraction: Current status and future directions},
  author  = {Zhou, Shaowen and Yu, Bowen and Sun, Aixin and Long, Cheng and Li, Jingyang and Sun, Jian},
  journal = {arXiv preprint arXiv:2205.11725},
  year    = {2022}
}
@article{zwaan1995dimensions,
  title     = {Dimensions of situation model construction in narrative comprehension.},
  author    = {Zwaan, Rolf A and Magliano, Joseph P and Graesser, Arthur},
  journal   = {Journal of experimental psychology: Learning, memory, and cognition},
  volume    = {21},
  number    = {2},
  pages     = {386},
  year      = {1995},
  publisher = {American Psychological Association}
}

@article{zwaan1998situation,
  title     = {Situation models in language comprehension and memory.},
  author    = {Zwaan, Rolf A and Radvansky, Gabriel A},
  journal   = {Psychological bulletin},
  volume    = {123},
  number    = {2},
  pages     = {162},
  year      = {1998},
  publisher = {American Psychological Association}
}